@article{busta2002encryption,
  title={Encryption in theory and practice},
  author={Busta, Bruce},
  journal={The CPA Journal},
  volume={72},
  number={11},
  pages={42},
  year={2002},
  publisher={New York State Society of Certified Public Accountants}
}

@INPROCEEDINGS{rsaIntro, 
author={Karthik and Chinnasamy and Deepalakshmi}, 
booktitle={2017 IEEE International Conference on Intelligent Techniques in Control, Optimization and Signal Processing (INCOS)}, 
title={Hybrid cryptographic technique using OTP:RSA}, 
year={2017}, 
volume={}, 
number={}, 
pages={1-4}, 
keywords={Ciphers;Cloud computing;Encryption;Receivers;Signal processing algorithms;Cloud Storage;Hybrid Cryptosystem;Onetime pad;Rivest Shamir Adleman}, 
doi={10.1109/ITCOSP.2017.8303131}, 
ISSN={}, 
month={March},}

@INPROCEEDINGS{rsaSteps, 
author={S. A. Jaju and S. S. Chowhan}, 
booktitle={2015 International Conference and Workshop on Computing and Communication (IEMCON)}, 
title={A Modified RSA algorithm to enhance security for digital signature}, 
year={2015}, 
volume={}, 
number={}, 
pages={1-5}, 
keywords={Internet;digital signatures;public key cryptography;Internet;Rivest-Shamir-Adlemen algorithm;data processing;decryption setting;decryption speed;digital signature security enhancement;encryption setting;encryption speed;key generation speed;modified RSA algorithm key generation;secure electronic transaction;security services;Algorithm design and analysis;Ciphers;Encryption;Public key;Receivers;Digital Signature;Private Key;Public key;RSA;Security services}, 
doi={10.1109/IEMCON.2015.7344493}, 
ISSN={}, 
month={Oct},}
